% Encoding: UTF-8


@inproceedings{DBLP:conf/vmcai/Bradley11,
  author    = {Aaron R. Bradley},
  title     = {SAT-Based Model Checking without Unrolling},
  booktitle = {{VMCAI}},
  series    = {Lecture Notes in Computer Science},
  volume    = {6538},
  pages     = {70--87},
  publisher = {Springer},
  year      = {2011}
}

@inproceedings{DBLP:conf/date/WelpK13,
  author    = {Tobias Welp and
               Andreas Kuehlmann},
  title     = {{QF} {BV} model checking with property directed reachability},
  booktitle = {{DATE}},
  pages     = {791--796},
  publisher = {{EDA} Consortium San Jose, CA, {USA} / {ACM} {DL}},
  year      = {2013}
}

@inproceedings{Heizmann:2013:SMC:2526861.2526864,
	author = {Heizmann, Matthias and Hoenicke, Jochen and Podelski, Andreas},
	title = {Software Model Checking for People Who Love Automata},
	booktitle = {Proceedings of the 25th International Conference on Computer Aided Verification},
	series = {CAV'13},
	year = {2013},
	pages = {36--52},
	publisher = {Springer},
} 



@inproceedings{DBLP:conf/fmcad/EenMB11,
  author    = {Niklas E{\'{e}}n and
               Alan Mishchenko and
               Robert K. Brayton},
  title     = {Efficient implementation of property directed reachability},
  booktitle = {{FMCAD}},
  pages     = {125--134},
  publisher = {{FMCAD} Inc.},
  year      = {2011}
}

@inproceedings{DBLP:conf/cav/CimattiG12,
  author    = {Alessandro Cimatti and
               Alberto Griggio},
  title     = {Software Model Checking via {IC3}},
  booktitle = {{CAV}},
  series    = {Lecture Notes in Computer Science},
  volume    = {7358},
  pages     = {277--293},
  publisher = {Springer},
  year      = {2012}
}

@inproceedings{DBLP:conf/sat/HoderB12,
  author    = {Krystof Hoder and
               Nikolaj Bj{\o}rner},
  title     = {Generalized Property Directed Reachability},
  booktitle = {{SAT}},
  series    = {Lecture Notes in Computer Science},
  volume    = {7317},
  pages     = {157--171},
  publisher = {Springer},
  year      = {2012}
}

@inproceedings{DBLP:conf/fmcad/0001NN15,
  author    = {Tim Lange and
               Martin R. Neuh{\"{a}}u{\ss}er and
               Thomas Noll},
  title     = {{IC3} Software Model Checking on Control Flow Automata},
  booktitle = {{FMCAD}},
  pages     = {97--104},
  publisher = {{IEEE}},
  year      = {2015}
}

@inproceedings{DBLP:conf/cav/HeizmannHP13,
  author    = {Matthias Heizmann and
               Jochen Hoenicke and
               Andreas Podelski},
  title     = {Software Model Checking for People Who Love Automata},
  booktitle = {{CAV}},
  series    = {Lecture Notes in Computer Science},
  volume    = {8044},
  pages     = {36--52},
  publisher = {Springer},
  year      = {2013}
}

@inproceedings{DBLP:conf/popl/HenzingerJMS02,
  author    = {Thomas A. Henzinger and
               Ranjit Jhala and
               Rupak Majumdar and
               Gr{\'{e}}goire Sutre},
  title     = {Lazy abstraction},
  booktitle = {{POPL}},
  pages     = {58--70},
  publisher = {{ACM}},
  year      = {2002}
}
@Misc{cav,
  title        = {HWMCC10 results},
  howpublished = {\url{http://fmv.jku.at/hwmcc10/results.html}},
  note         = {Accessed: 2018-07-20},
}

@Misc{Zitat02,
  title        = {\textsc{Ultimate}},
  howpublished = {\url{https://ultimate.informatik.uni-freiburg.de}},
  note         = {Accessed: 2018-07-20},
}

@Misc{Zitat03,
	title        = {SmtInterpol},
	howpublished = {\url{https://ultimate.informatik.uni-freiburg.de/smtinterpol/}},
	note         = {Accessed: 2018-07-28},
}

@Misc{Zitat04,
	title        = {\textsc{Z3}},
	howpublished = {\url{https://github.com/Z3Prover/z3}},
	note         = {Accessed: 2018-07-28},
}


@Comment{jabref-meta: databaseType:bibtex;}
